<?xml version="1.0" encoding="UTF-8"?><collection xmlns="http://www.loc.gov/MARC21/slim"><record><leader>00411nam--2200133-i-4500</leader><controlfield tag="001">000036923</controlfield><controlfield tag="002">20161230</controlfield><controlfield tag="005">20161230201041</controlfield><controlfield tag="008">060222s1000------------r-----000-0-eng-d</controlfield><datafield ind1=" " ind2=" " tag="080"><subfield code="a">546.73:539.171.4:546.72</subfield></datafield><datafield ind1=" " ind2=" " tag="100"><subfield code="a">Pjopovici,Mihai</subfield></datafield><datafield ind1=" " ind2=" " tag="245"><subfield code="a">Studii de improastisere critica a neustronilor in fier si cobalt. rezumatul tezei de doctorat</subfield></datafield><datafield ind1=" " ind2=" " tag="260"><subfield code="a">Bucuresti,Facultatea De Fizica, 1971. 35p</subfield></datafield><datafield ind1=" " ind2=" " tag="852"><subfield code="a">34334</subfield></datafield></record></collection>